% This file was created with JabRef 2.10.
% Encoding: UTF-8


@Article{Arnowitt2008,
  Title                    = {Republication of: The dynamics of general relativity},
  Author                   = {Arnowitt, Richard and Deser, Stanley and Misner, Charles W.},
  Journal                  = {General Relativity and Gravitation},
  Year                     = {2008},

  Month                    = {Aug},
  Number                   = {9},
  Pages                    = {1997–2027},
  Volume                   = {40},

  __markedentry            = {[yfwang:6]},
  Doi                      = {10.1007/s10714-008-0661-1},
  ISSN                     = {1572-9532},
  Owner                    = {yfwang},
  Publisher                = {Springer Nature},
  Timestamp                = {2017.02.06},
  Url                      = {http://dx.doi.org/10.1007/s10714-008-0661-1}
}

@Article{Ashtekar2011,
  Title                    = {Evaporation of two-dimensional black holes},
  Author                   = {Ashtekar, Abhay and Pretorius, Frans and Ramazanoğlu, Fethi M.},
  Journal                  = {Physical Review D},
  Year                     = {2011},

  Month                    = {Feb},
  Number                   = {4},
  Volume                   = {83},
  Doi                      = {10.1103/physrevd.83.044040},
  ISSN                     = {1550-2368},
  Owner                    = {yfwang},
  Publisher                = {American Physical Society (APS)},
  Timestamp                = {2017.02.01},
  Url                      = {http://dx.doi.org/10.1103/PhysRevD.83.044040}
}

@Article{Babusci2012,
  Title                    = {On integrals involving Hermite polynomials},
  Author                   = {Babusci, D. and Dattoli, G. and Quattromini, M.},
  Journal                  = {Applied Mathematics Letters},
  Year                     = {2012},

  Month                    = {Aug},
  Number                   = {8},
  Pages                    = {1157–1160},
  Volume                   = {25},

  Doi                      = {10.1016/j.aml.2012.02.043},
  ISSN                     = {0893-9659},
  Owner                    = {yfwang},
  Publisher                = {Elsevier BV},
  Timestamp                = {2016.12.01},
  Url                      = {http://dx.doi.org/10.1016/j.aml.2012.02.043}
}

@Article{Banados1992,
  Title                    = {Black hole in three-dimensional spacetime},
  Author                   = {Bañados, Máximo and Teitelboim, Claudio and Zanelli, Jorge},
  Journal                  = {Physical Review Letters},
  Year                     = {1992},

  Month                    = {Sep},
  Number                   = {13},
  Pages                    = {1849–1851},
  Volume                   = {69},
  Doi                      = {10.1103/physrevlett.69.1849},
  ISSN                     = {0031-9007},
  Owner                    = {yfwang},
  Publisher                = {American Physical Society (APS)},
  Timestamp                = {2017.02.06},
  Url                      = {http://dx.doi.org/10.1103/PhysRevLett.69.1849}
}

@Article{Bekenstein1980,
  Title                    = {Black-hole thermodynamics},
  Author                   = {Bekenstein, Jacob D.},
  Journal                  = {Physics Today},
  Year                     = {1980},
  Number                   = {1},
  Pages                    = {24},
  Volume                   = {33},

  Doi                      = {10.1063/1.2913906},
  ISSN                     = {0031-9228},
  Owner                    = {yfwang},
  Publisher                = {AIP Publishing},
  Timestamp                = {2016.12.21},
  Url                      = {http://dx.doi.org/10.1063/1.2913906}
}

@Article{Bekenstein1973,
  Title                    = {Black Holes and Entropy},
  Author                   = {Bekenstein, Jacob D.},
  Journal                  = {Physical Review D},
  Year                     = {1973},

  Month                    = {Apr},
  Number                   = {8},
  Pages                    = {2333–2346},
  Volume                   = {7},

  Doi                      = {10.1103/physrevd.7.2333},
  ISSN                     = {0556-2821},
  Owner                    = {yfwang},
  Publisher                = {American Physical Society (APS)},
  Timestamp                = {2016.12.21},
  Url                      = {http://dx.doi.org/10.1103/PhysRevD.7.2333}
}

@Article{Callan1992,
  Title                    = {Evanescent black holes},
  Author                   = {Callan, Curtis G. and Giddings, Steven B. and Harvey, Jeffrey A. and Strominger, Andrew},
  Journal                  = {Physical Review D},
  Year                     = {1992},

  Month                    = {Feb},
  Number                   = {4},
  Pages                    = {R1005–R1009},
  Volume                   = {45},

  Doi                      = {10.1103/physrevd.45.r1005},
  ISSN                     = {0556-2821},
  Owner                    = {yfwang},
  Publisher                = {American Physical Society (APS)},
  Timestamp                = {2016.12.21},
  Url                      = {http://dx.doi.org/10.1103/PhysRevD.45.R1005}
}

@Article{Candelas1980,
  Title                    = {Vacuum polarization in Schwarzschild spacetime},
  Author                   = {Candelas, P.},
  Journal                  = {Physical Review D},
  Year                     = {1980},

  Month                    = {Apr},
  Number                   = {8},
  Pages                    = {2185–2202},
  Volume                   = {21},

  Doi                      = {10.1103/physrevd.21.2185},
  ISSN                     = {0556-2821},
  Owner                    = {yfwang},
  Publisher                = {American Physical Society (APS)},
  Timestamp                = {2016.12.21},
  Url                      = {http://dx.doi.org/10.1103/PhysRevD.21.2185}
}

@Book{David2015,
  Title                    = {The Formalisms of Quantum Mechanics},
  Author                   = {David, Francois},
  Publisher                = {Springer International Publishing},
  Year                     = {2015},

  Doi                      = {10.1007/978-3-319-10539-0},
  ISBN                     = {978-3-319-10539-0},
  ISSN                     = {1616-6361},
  Journal                  = {Lecture Notes in Physics},
  Owner                    = {yfwang},
  Timestamp                = {2017.01.23},
  Url                      = {http://dx.doi.org/10.1007/978-3-319-10539-0}
}

@Article{Davies1975,
  Title                    = {Scalar production in Schwarzschild and Rindler metrics},
  Author                   = {Davies, P C W},
  Journal                  = {Journal of Physics A: Mathematical and General},
  Year                     = {1975},

  Month                    = {Apr},
  Number                   = {4},
  Pages                    = {609–616},
  Volume                   = {8},

  Doi                      = {10.1088/0305-4470/8/4/022},
  ISSN                     = {1361-6447},
  Owner                    = {yfwang},
  Publisher                = {IOP Publishing},
  Timestamp                = {2016.12.21},
  Url                      = {http://dx.doi.org/10.1088/0305-4470/8/4/022}
}

@Article{Demers1996,
  Title                    = {Decoherence of black holes by Hawking radiation},
  Author                   = {Demers, Jean-Guy and Kiefer, Claus},
  Journal                  = {Physical Review D},
  Year                     = {1996},

  Month                    = {Jun},
  Number                   = {12},
  Pages                    = {7050–7061},
  Volume                   = {53},

  Doi                      = {10.1103/physrevd.53.7050},
  ISSN                     = {1089-4918},
  Owner                    = {yfwang},
  Publisher                = {American Physical Society (APS)},
  Timestamp                = {2016.12.21},
  Url                      = {http://dx.doi.org/10.1103/PhysRevD.53.7050}
}

@Book{dirac1964lectures,
  Title                    = {Lectures on Quantum Mechanics},
  Author                   = {Dirac, P.A.M.},
  Publisher                = {Belfer Graduate School of Science, Yeshiva University},
  Year                     = {1964},

  Lccn                     = {66001542},
  Other                    = {Belfer Graduate School of Science Monographs Series},
  Owner                    = {yfwang},
  Timestamp                = {2017.02.02},
  Url                      = {https://books.google.de/books?id=oQNRAAAAMAAJ}
}

@Article{Freese1985,
  Title                    = {Covariant functional Schrödinger formalism and application to the Hawking effect},
  Author                   = {Freese, Katherine and Hill, Christopher T. and Mueller, Mark},
  Journal                  = {Nuclear Physics B},
  Year                     = {1985},

  Month                    = {Jan},
  Pages                    = {693–716},
  Volume                   = {255},

  Doi                      = {10.1016/0550-3213(85)90161-0},
  ISSN                     = {0550-3213},
  Owner                    = {yfwang},
  Publisher                = {Elsevier BV},
  Timestamp                = {2017.01.17},
  Url                      = {http://dx.doi.org/10.1016/0550-3213(85)90161-0}
}

@Book{Frolov1998,
  Title                    = {Black Hole Physics},
  Author                   = {Frolov, Valeri P. and Novikov, Igor D.},
  Publisher                = {Springer Nature},
  Year                     = {1998},

  Doi                      = {10.1007/978-94-011-5139-9},
  ISBN                     = {9789401151399},
  Owner                    = {yfwang},
  Timestamp                = {2016.12.21},
  Url                      = {http://dx.doi.org/10.1007/978-94-011-5139-9}
}

@Article{Fuchs1999,
  Title                    = {Cryptographic distinguishability measures for quantum-mechanical states},
  Author                   = {Fuchs, C.A. and van de Graaf, J.},
  Journal                  = {IEEE Transactions on Information Theory},
  Year                     = {1999},

  Month                    = {May},
  Number                   = {4},
  Pages                    = {1216–1227},
  Volume                   = {45},

  Doi                      = {10.1109/18.761271},
  ISSN                     = {0018-9448},
  Owner                    = {yfwang},
  Publisher                = {Institute of Electrical and Electronics Engineers (IEEE)},
  Timestamp                = {2016.12.02},
  Url                      = {http://dx.doi.org/10.1109/18.761271}
}

@Article{Fulling1973,
  Title                    = {Nonuniqueness of Canonical Field Quantization in Riemannian Space-Time},
  Author                   = {Fulling, Stephen A.},
  Journal                  = {Physical Review D},
  Year                     = {1973},

  Month                    = {May},
  Number                   = {10},
  Pages                    = {2850–2862},
  Volume                   = {7},

  Doi                      = {10.1103/physrevd.7.2850},
  ISSN                     = {0556-2821},
  Owner                    = {yfwang},
  Publisher                = {American Physical Society (APS)},
  Timestamp                = {2016.12.21},
  Url                      = {http://dx.doi.org/10.1103/PhysRevD.7.2850}
}

@Book{Gitman1990,
  Title                    = {Quantization of Fields with Constraints},
  Author                   = {Gitman, Dmitriy M. and Tyutin, Igor V.},
  Publisher                = {Springer Berlin Heidelberg},
  Year                     = {1990},
  Doi                      = {10.1007/978-3-642-83938-2},
  ISBN                     = {9783642839382},
  ISSN                     = {0939-1150},
  Journal                  = {Springer Series in Nuclear and Particle Physics},
  Owner                    = {yfwang},
  Timestamp                = {2017.02.02},
  Url                      = {http://dx.doi.org/10.1007/978-3-642-83938-2}
}

@Article{Glenz2009,
  Title                    = {Study of the spectrum of inflaton perturbations},
  Author                   = {Glenz, Matthew M. and Parker, Leonard},
  Journal                  = {Physical Review D},
  Year                     = {2009},

  Month                    = {Sep},
  Number                   = {6},
  Volume                   = {80},

  Doi                      = {10.1103/physrevd.80.063534},
  ISSN                     = {1550-2368},
  Owner                    = {yfwang},
  Publisher                = {American Physical Society (APS)},
  Timestamp                = {2017.01.23},
  Url                      = {http://dx.doi.org/10.1103/PhysRevD.80.063534}
}

@Article{Haag1967,
  Title                    = {On the equilibrium states in quantum statistical mechanics},
  Author                   = {Haag, R. and Hugenholtz, N. M. and Winnink, M.},
  Journal                  = {Communications in Mathematical Physics},
  Year                     = {1967},

  Month                    = {Jun},
  Number                   = {3},
  Pages                    = {215–236},
  Volume                   = {5},

  __markedentry            = {[yfwang:]},
  Doi                      = {10.1007/bf01646342},
  ISSN                     = {1432-0916},
  Owner                    = {yfwang},
  Publisher                = {Springer Nature},
  Timestamp                = {2017.02.06},
  Url                      = {http://dx.doi.org/10.1007/BF01646342}
}

@Article{Harlow2016,
  Title                    = {Jerusalem lectures on black holes and quantum information},
  Author                   = {Harlow, D.},
  Journal                  = {Reviews of Modern Physics},
  Year                     = {2016},

  Month                    = {Feb},
  Number                   = {1},
  Volume                   = {88},

  Doi                      = {10.1103/revmodphys.88.015002},
  ISSN                     = {1539-0756},
  Owner                    = {yfwang},
  Publisher                = {American Physical Society (APS)},
  Timestamp                = {2017.01.16},
  Url                      = {http://dx.doi.org/10.1103/RevModPhys.88.015002}
}

@Article{Hawking1976,
  Title                    = {Breakdown of predictability in gravitational collapse},
  Author                   = {Hawking, S. W.},
  Journal                  = {Physical Review D},
  Year                     = {1976},

  Month                    = {Nov},
  Number                   = {10},
  Pages                    = {2460–2473},
  Volume                   = {14},

  Doi                      = {10.1103/physrevd.14.2460},
  ISSN                     = {0556-2821},
  Owner                    = {yfwang},
  Publisher                = {American Physical Society (APS)},
  Timestamp                = {2016.12.21},
  Url                      = {http://dx.doi.org/10.1103/PhysRevD.14.2460}
}

@Article{Hawking1975,
  Title                    = {Particle creation by black holes},
  Author                   = {Hawking, S. W.},
  Journal                  = {Communications In Mathematical Physics},
  Year                     = {1975},

  Month                    = {Aug},
  Number                   = {3},
  Pages                    = {199–220},
  Volume                   = {43},

  Doi                      = {10.1007/bf02345020},
  ISSN                     = {1432-0916},
  Owner                    = {yfwang},
  Publisher                = {Springer Nature},
  Timestamp                = {2016.12.21},
  Url                      = {http://dx.doi.org/10.1007/BF02345020}
}

@Article{HAWKING1974,
  Title                    = {Black hole explosions?},
  Author                   = {Hawking, S. W.},
  Journal                  = {Nature},
  Year                     = {1974},

  Month                    = {Mar},
  Number                   = {5443},
  Pages                    = {30–31},
  Volume                   = {248},

  Doi                      = {10.1038/248030a0},
  ISSN                     = {0028-0836},
  Owner                    = {yfwang},
  Publisher                = {Springer Nature},
  Timestamp                = {2016.12.21},
  Url                      = {http://dx.doi.org/10.1038/248030a0}
}

@Article{Hollands2015,
  Title                    = {Quantum fields in curved spacetime},
  Author                   = {Hollands, Stefan and Wald, Robert M.},
  Journal                  = {Physics Reports},
  Year                     = {2015},

  Month                    = {Apr},
  Pages                    = {1–35},
  Volume                   = {574},

  Doi                      = {10.1016/j.physrep.2015.02.001},
  ISSN                     = {0370-1573},
  Owner                    = {yfwang},
  Publisher                = {Elsevier BV},
  Timestamp                = {2017.01.16},
  Url                      = {http://dx.doi.org/10.1016/j.physrep.2015.02.001}
}

@Article{Hsu2009,
  Title                    = {Black holes, information, and decoherence},
  Author                   = {Hsu, Stephen D. H. and Reeb, David},
  Journal                  = {Physical Review D},
  Year                     = {2009},

  Month                    = {Jun},
  Number                   = {12},
  Volume                   = {79},

  Doi                      = {10.1103/physrevd.79.124037},
  ISSN                     = {1550-2368},
  Owner                    = {yfwang},
  Publisher                = {American Physical Society (APS)},
  Timestamp                = {2016.12.01},
  Url                      = {http://dx.doi.org/10.1103/PhysRevD.79.124037}
}

@Article{Joos1985,
  Title                    = {The emergence of classical properties through interaction with the environment},
  Author                   = {Joos, E. and Zeh, H. D.},
  Journal                  = {Zeitschrift für Physik B Condensed Matter},
  Year                     = {1985},

  Month                    = {Jun},
  Number                   = {2},
  Pages                    = {223–243},
  Volume                   = {59},

  Doi                      = {10.1007/bf01725541},
  ISSN                     = {1434-6036},
  Owner                    = {yfwang},
  Publisher                = {Springer Nature},
  Timestamp                = {2017.01.23},
  Url                      = {http://dx.doi.org/10.1007/BF01725541}
}

@Book{Joshi2007,
  Title                    = {Gravitational Collapse and Spacetime Singularities},
  Author                   = {Pankaj S. Joshi},
  Publisher                = {Cambridge University},
  Year                     = {2007},

  Date                     = {2007-10-11},
  Doi                      = {10.1017/cbo9780511536274},
  Ean                      = {9780521871044},
  ISBN                     = {0521871042},
  Owner                    = {yfwang},
  Pagetotal                = {273},
  Timestamp                = {2017.01.16},
  Url                      = {http://dx.doi.org/10.1017/cbo9780511536274}
}

@Book{Kiefer2012,
  Title                    = {Quantum Gravity},
  Author                   = {Kiefer, Claus},
  Publisher                = {Oxford University Press (OUP)},
  Year                     = {2012},
  Edition                  = {3},
  Month                    = {Apr},

  Doi                      = {10.1093/acprof:oso/9780199585205.001.0001},
  ISBN                     = {9780199585205},
  Owner                    = {yfwang},
  Timestamp                = {2017.01.18},
  Url                      = {http://dx.doi.org/10.1093/acprof:oso/9780199585205.001.0001}
}

@Article{Kiefer2001,
  Title                    = {Hawking radiation from decoherence},
  Author                   = {Kiefer, Claus},
  Journal                  = {Classical and Quantum Gravity},
  Year                     = {2001},

  Month                    = {Nov},
  Number                   = {22},
  Pages                    = {L151–L154},
  Volume                   = {18},

  Doi                      = {10.1088/0264-9381/18/22/101},
  ISSN                     = {1361-6382},
  Owner                    = {yfwang},
  Publisher                = {IOP Publishing},
  Timestamp                = {2017.01.10},
  Url                      = {http://dx.doi.org/10.1088/0264-9381/18/22/101}
}

@Article{Kubo1957,
  Title                    = {Statistical-Mechanical Theory of Irreversible Processes. I. General Theory and Simple Applications to Magnetic and Conduction Problems},
  Author                   = {Kubo, Ryogo},
  Journal                  = {Journal of the Physical Society of Japan},
  Year                     = {1957},

  Month                    = {Jun},
  Number                   = {6},
  Pages                    = {570–586},
  Volume                   = {12},
  Doi                      = {10.1143/jpsj.12.570},
  ISSN                     = {1347-4073},
  Owner                    = {yfwang},
  Publisher                = {Physical Society of Japan},
  Timestamp                = {2017.02.06},
  Url                      = {http://dx.doi.org/10.1143/JPSJ.12.570}
}

@Book{Landau1980,
  Title                    = {Statistical Phys},
  Author                   = {Landau, Lev D. and Lifshitz, E.M.},
  Publisher                = {Butterworth-Heinemann},
  Year                     = {1980},
  Edition                  = {3},
  Month                    = {Jan},

  Other                    = {Course of Theoretical Physics, 5},
  Owner                    = {yfwang},
  Timestamp                = {2017.01.22},
  Url                      = {http://www.sciencedirect.com/science/book/9780080570464}
}

@Book{Mann2015,
  Title                    = {Black Holes: Thermodynamics, Information, and Firewalls},
  Author                   = {Mann, Robert B.},
  Publisher                = {Springer International Publishing},
  Year                     = {2015},

  Doi                      = {10.1007/978-3-319-14496-2},
  ISBN                     = {978-3-319-14496-2},
  ISSN                     = {2191-5431},
  Journal                  = {SpringerBriefs in Physics},
  Owner                    = {yfwang},
  Timestamp                = {2017.01.16},
  Url                      = {http://dx.doi.org/10.1007/978-3-319-14496-2}
}

@Article{Martin1959,
  Title                    = {Theory of Many-Particle Systems. I},
  Author                   = {Martin, Paul C. and Schwinger, Julian},
  Journal                  = {Physical Review},
  Year                     = {1959},

  Month                    = {Sep},
  Number                   = {6},
  Pages                    = {1342–1373},
  Volume                   = {115},
  Doi                      = {10.1103/physrev.115.1342},
  ISSN                     = {0031-899X},
  Owner                    = {yfwang},
  Publisher                = {American Physical Society (APS)},
  Timestamp                = {2017.02.06},
  Url                      = {http://dx.doi.org/10.1103/PhysRev.115.1342}
}

@Article{Page1993,
  Title                    = {Information in black hole radiation},
  Author                   = {Page, Don N.},
  Journal                  = {Physical Review Letters},
  Year                     = {1993},

  Month                    = {Dec},
  Number                   = {23},
  Pages                    = {3743–3746},
  Volume                   = {71},

  Doi                      = {10.1103/physrevlett.71.3743},
  ISSN                     = {0031-9007},
  Owner                    = {yfwang},
  Publisher                = {American Physical Society (APS)},
  Timestamp                = {2016.12.21},
  Url                      = {http://dx.doi.org/10.1103/PhysRevLett.71.3743}
}

@Book{Parker2009,
  Title                    = {Quantum Field Theory in Curved Spacetime},
  Author                   = {Parker, Leonard and Toms, David},
  Publisher                = {Cambridge University Press (CUP)},
  Year                     = {2009},

  Doi                      = {10.1017/cbo9780511813924},
  ISBN                     = {9780511813924},
  Owner                    = {yfwang},
  Timestamp                = {2017.01.18},
  Url                      = {http://dx.doi.org/10.1017/CBO9780511813924}
}

@Book{Petz2008,
  Title                    = {Quantum Information Theory and Quantum Statistics},
  Author                   = {Petz, Dénes},
  Publisher                = {Springer Berlin Heidelberg},
  Year                     = {2008},

  Doi                      = {10.1007/978-3-540-74636-2},
  ISBN                     = {9783540746348},
  Other                    = {Theoretical and Mathematical Physics},
  Owner                    = {yfwang},
  Timestamp                = {2017.01.06},
  Url                      = {http://dx.doi.org/10.1007/978-3-540-74636-2}
}

@Article{Popescu2007,
  Title                    = {The foundations of statistical mechanics from entanglement: Individual states vs. averages},
  Author                   = {Sandu Popescu and Anthony J. Short and Andreas Winter},
  Year                     = {2007},

  Abstract                 = {We consider an alternative approach to the foundations of statistical mechanics, in which subjective randomness, ensemble-averaging or time-averaging are not required. Instead, the universe (i.e. the system together with a sufficiently large environment) is in a quantum pure state subject to a global constraint, and thermalisation results from entanglement between system and environment. We formulate and prove a "General Canonical Principle", which states that the system will be thermalised for almost all pure states of the universe, and provide rigorous quantitative bounds using Levy's Lemma.},
  Comments                 = {12 pages, v3 title changed, v2 minor changes},
  Eprint                   = {quant-ph/0511225},
  Oai2identifier           = {quant-ph/0511225},
  Owner                    = {yfwang},
  Timestamp                = {2017.01.22}
}

@Article{Popescu2006,
  Title                    = {Entanglement and the foundations of statistical mechanics},
  Author                   = {Popescu, Sandu and Short, Anthony J. and Winter, Andreas},
  Journal                  = {Nature Physics},
  Year                     = {2006},

  Month                    = {Oct},
  Number                   = {11},
  Pages                    = {754–758},
  Volume                   = {2},

  Doi                      = {10.1038/nphys444},
  ISSN                     = {1745-2481},
  Owner                    = {yfwang},
  Publisher                = {Springer Nature},
  Timestamp                = {2016.12.01},
  Url                      = {http://dx.doi.org/10.1038/nphys444}
}

@Book{susskind2008black,
  Title                    = {The Black Hole War},
  Author                   = {Susskind, L.},
  Publisher                = {Hachette},
  Year                     = {2008},

  ISBN                     = {9780316032698},
  Owner                    = {yfwang},
  Subtitle                 = {My Battle with Stephen Hawking to Make the World Safe for Quantum Mechanics},
  Timestamp                = {2016.12.20},
  Url                      = {https://books.google.de/books?id=RZU0AQAAQBAJ}
}

@Book{Susskind2004,
  Title                    = {An Introduction to Black Holes, Information and the String Theory Revolution},
  Author                   = {Susskind, Leonard and Lindesay, James},
  Publisher                = {World Scientific Pub Co Pte Lt},
  Year                     = {2004},
  Month                    = {Dec},

  Doi                      = {10.1142/5689},
  ISBN                     = {9789812563095},
  Owner                    = {yfwang},
  Subtitle                 = {The Holographic Universe},
  Timestamp                = {2017.01.20},
  Url                      = {http://dx.doi.org/10.1142/5689}
}

@Article{Unruh1976,
  Title                    = {Notes on black-hole evaporation},
  Author                   = {Unruh, W. G.},
  Journal                  = {Physical Review D},
  Year                     = {1976},

  Month                    = {Aug},
  Number                   = {4},
  Pages                    = {870–892},
  Volume                   = {14},

  Doi                      = {10.1103/physrevd.14.870},
  ISSN                     = {0556-2821},
  Owner                    = {yfwang},
  Publisher                = {American Physical Society (APS)},
  Timestamp                = {2016.12.21},
  Url                      = {http://dx.doi.org/10.1103/PhysRevD.14.870}
}

@Book{Weinberg1993first,
  Title                    = {The First Three Minutes: A Modern View of the Origin of the Universe},
  Author                   = {Weinberg, S.},
  Publisher                = {Basic Books},
  Year                     = {1993},

  ISBN                     = {9780465024377},
  Lccn                     = {93232406},
  Owner                    = {yfwang},
  Timestamp                = {2017.02.02},
  Url                      = {https://books.google.de/books?id=oxfoF\_gasvsC}
}

@Book{Wilde2009,
  Title                    = {Quantum Information Theory},
  Author                   = {Wilde, Mark M.},
  Publisher                = {Cambridge University Press (CUP)},
  Year                     = {2009},

  Doi                      = {10.1017/cbo9781139525343},
  ISBN                     = {9781139525343},
  Owner                    = {yfwang},
  Timestamp                = {2016.12.02},
  Url                      = {http://dx.doi.org/10.1017/CBO9781139525343}
}

