% This file was created with JabRef 2.10.
% Encoding: UTF-8


@Article{Ashtekar2011,
  Title                    = {Evaporation of two-dimensional black holes},
  Author                   = {Ashtekar, Abhay and Pretorius, Frans and Ramazanoğlu, Fethi M.},
  Journal                  = {Phys Rev D},
  Year                     = {2011},

  Month                    = {Feb},
  Number                   = {4},
  Volume                   = {83},

  __markedentry            = {[yfwang:6]},
  Doi                      = {10.1103/physrevd.83.044040},
  ISSN                     = {1550-2368},
  Owner                    = {yfwang},
  Publisher                = {American Physical Society (APS)},
  Timestamp                = {2017.01.30},
  Url                      = {http://dx.doi.org/10.1103/PhysRevD.83.044040}
}

@Article{Babusci2012,
  Title                    = {On integrals involving {Hermit}e polynomials},
  Author                   = {Babusci, D. and Dattoli, G. and Quattromini, M.},
  Journal                  = {Appl. Math. Lett.},
  Year                     = {2012},

  Month                    = {Aug},
  Number                   = {8},
  Pages                    = {1157–1160},
  Volume                   = {25},

  Doi                      = {10.1016/j.aml.2012.02.043},
  ISSN                     = {0893-9659},
  Owner                    = {yfwang},
  Publisher                = {Elsevier BV},
  Timestamp                = {2016.12.01},
  Url                      = {http://dx.doi.org/10.1016/j.aml.2012.02.043}
}

@Article{Bekenstein1980,
  Title                    = {Black-hole thermodynamics},
  Author                   = {Bekenstein, Jacob D.},
  Journal                  = {Phys. Today},
  Year                     = {1980},
  Number                   = {1},
  Pages                    = {24},
  Volume                   = {33},

  Doi                      = {10.1063/1.2913906},
  ISSN                     = {0031-9228},
  Owner                    = {yfwang},
  Publisher                = {AIP Publishing},
  Timestamp                = {2016.12.21},
  Url                      = {http://dx.doi.org/10.1063/1.2913906}
}

@Article{Bekenstein1973,
  Title                    = {Black Holes and Entropy},
  Author                   = {Bekenstein, Jacob D.},
  Journal                  = {Phys Rev D},
  Year                     = {1973},

  Month                    = {Apr},
  Number                   = {8},
  Pages                    = {2333–2346},
  Volume                   = {7},

  Doi                      = {10.1103/physrevd.7.2333},
  ISSN                     = {0556-2821},
  Owner                    = {yfwang},
  Publisher                = {American Physical Society (APS)},
  Timestamp                = {2016.12.21},
  Url                      = {http://dx.doi.org/10.1103/PhysRevD.7.2333}
}

@Article{Callan1992,
  Title                    = {Evanescent black holes},
  Author                   = {Callan, Curtis G. and Giddings, Steven B. and Harvey, Jeffrey A. and Strominger, Andrew},
  Journal                  = {Phys Rev D},
  Year                     = {1992},

  Month                    = {Feb},
  Number                   = {4},
  Pages                    = {R1005–R1009},
  Volume                   = {45},

  Doi                      = {10.1103/physrevd.45.r1005},
  ISSN                     = {0556-2821},
  Owner                    = {yfwang},
  Publisher                = {American Physical Society (APS)},
  Timestamp                = {2016.12.21},
  Url                      = {http://dx.doi.org/10.1103/PhysRevD.45.R1005}
}

@Article{Candelas1980,
  Title                    = {Vacuum polarization in Schwarzschild spacetime},
  Author                   = {Candelas, P.},
  Journal                  = {Phys Rev D},
  Year                     = {1980},

  Month                    = {Apr},
  Number                   = {8},
  Pages                    = {2185–2202},
  Volume                   = {21},

  Doi                      = {10.1103/physrevd.21.2185},
  ISSN                     = {0556-2821},
  Owner                    = {yfwang},
  Publisher                = {American Physical Society (APS)},
  Timestamp                = {2016.12.21},
  Url                      = {http://dx.doi.org/10.1103/PhysRevD.21.2185}
}

@Article{Davies1975,
  Title                    = {Scalar production in Schwarzschild and Rindler metrics},
  Author                   = {Davies, P C W},
  Journal                  = {J. Phys. A: Math. Gen.},
  Year                     = {1975},

  Month                    = {Apr},
  Number                   = {4},
  Pages                    = {609–616},
  Volume                   = {8},

  Doi                      = {10.1088/0305-4470/8/4/022},
  ISSN                     = {1361-6447},
  Owner                    = {yfwang},
  Publisher                = {IOP Publishing},
  Timestamp                = {2016.12.21},
  Url                      = {http://dx.doi.org/10.1088/0305-4470/8/4/022}
}

@Article{Demers1996,
  Title                    = {Decoherence of black holes by Hawking radiation},
  Author                   = {Demers, Jean-Guy and Kiefer, Claus},
  Journal                  = {Phys Rev D},
  Year                     = {1996},

  Month                    = {Jun},
  Number                   = {12},
  Pages                    = {7050–7061},
  Volume                   = {53},

  Doi                      = {10.1103/physrevd.53.7050},
  ISSN                     = {1089-4918},
  Owner                    = {yfwang},
  Publisher                = {American Physical Society (APS)},
  Timestamp                = {2016.12.21},
  Url                      = {http://dx.doi.org/10.1103/PhysRevD.53.7050}
}

@Book{Frolov1998,
  Title                    = {Black Hole Physics},
  Author                   = {Frolov, Valeri P. and Novikov, Igor D.},
  Publisher                = {Springer Nature},
  Year                     = {1998},

  Doi                      = {10.1007/978-94-011-5139-9},
  ISBN                     = {http://id.crossref.org/isbn/978-94-011-5139-9},
  Owner                    = {yfwang},
  Timestamp                = {2016.12.21},
  Url                      = {http://dx.doi.org/10.1007/978-94-011-5139-9}
}

@Article{Fuchs1999,
  Title                    = {Cryptographic distinguishability measures for quantum-mechanical states},
  Author                   = {Fuchs, C.A. and van de Graaf, J.},
  Journal                  = {IEEE Trans. Inf. Theory},
  Year                     = {1999},

  Month                    = {May},
  Number                   = {4},
  Pages                    = {1216–1227},
  Volume                   = {45},

  Doi                      = {10.1109/18.761271},
  ISSN                     = {0018-9448},
  Owner                    = {yfwang},
  Publisher                = {Institute of Electrical and Electronics Engineers (IEEE)},
  Timestamp                = {2016.12.02},
  Url                      = {http://dx.doi.org/10.1109/18.761271}
}

@Article{Fulling1973,
  Title                    = {Nonuniqueness of Canonical Field Quantization in Riemannian Space-Time},
  Author                   = {Fulling, Stephen A.},
  Journal                  = {Phys Rev D},
  Year                     = {1973},

  Month                    = {May},
  Number                   = {10},
  Pages                    = {2850–2862},
  Volume                   = {7},

  Doi                      = {10.1103/physrevd.7.2850},
  ISSN                     = {0556-2821},
  Owner                    = {yfwang},
  Publisher                = {American Physical Society (APS)},
  Timestamp                = {2016.12.21},
  Url                      = {http://dx.doi.org/10.1103/PhysRevD.7.2850}
}

@Article{Hawking1976,
  Title                    = {Breakdown of predictability in gravitational collapse},
  Author                   = {Hawking, S. W.},
  Journal                  = {Phys Rev D},
  Year                     = {1976},

  Month                    = {Nov},
  Number                   = {10},
  Pages                    = {2460–2473},
  Volume                   = {14},

  Doi                      = {10.1103/physrevd.14.2460},
  ISSN                     = {0556-2821},
  Owner                    = {yfwang},
  Publisher                = {American Physical Society (APS)},
  Timestamp                = {2016.12.21},
  Url                      = {http://dx.doi.org/10.1103/PhysRevD.14.2460}
}

@Article{Hawking1975,
  Title                    = {Particle creation by black holes},
  Author                   = {Hawking, S. W.},
  Journal                  = {Commun. Math. Phys.},
  Year                     = {1975},

  Month                    = {Aug},
  Number                   = {3},
  Pages                    = {199–220},
  Volume                   = {43},

  Doi                      = {10.1007/bf02345020},
  ISSN                     = {1432-0916},
  Owner                    = {yfwang},
  Publisher                = {Springer Nature},
  Timestamp                = {2016.12.21},
  Url                      = {http://dx.doi.org/10.1007/BF02345020}
}

@Article{HAWKING1974,
  Title                    = {Black hole explosions?},
  Author                   = {Hawking, S. W.},
  Journal                  = {Nature},
  Year                     = {1974},

  Month                    = {Mar},
  Number                   = {5443},
  Pages                    = {30–31},
  Volume                   = {248},

  Doi                      = {10.1038/248030a0},
  ISSN                     = {0028-0836},
  Owner                    = {yfwang},
  Publisher                = {Springer Nature},
  Timestamp                = {2016.12.21},
  Url                      = {http://dx.doi.org/10.1038/248030a0}
}

@Article{Hsu2009,
  Title                    = {Black holes, information, and decoherence},
  Author                   = {Hsu, Stephen D. H. and Reeb, David},
  Journal                  = {Phys Rev D},
  Year                     = {2009},

  Month                    = {Jun},
  Number                   = {12},
  Volume                   = {79},

  Doi                      = {10.1103/physrevd.79.124037},
  ISSN                     = {1550-2368},
  Owner                    = {yfwang},
  Publisher                = {American Physical Society (APS)},
  Timestamp                = {2016.12.01},
  Url                      = {http://dx.doi.org/10.1103/PhysRevD.79.124037}
}

@Book{Kiefer2012,
  Title                    = {Quantum Gravity},
  Author                   = {Kiefer, Claus},
  Publisher                = {Oxford University Press (OUP)},
  Year                     = {2012},
  Edition                  = {3},
  Month                    = {Apr},

  Doi                      = {10.1093/acprof:oso/9780199585205.001.0001},
  ISBN                     = {http://id.crossref.org/isbn/9780199585205},
  Owner                    = {yfwang},
  Timestamp                = {2017.01.18},
  Url                      = {http://dx.doi.org/10.1093/acprof:oso/9780199585205.001.0001}
}

@Article{Kiefer2001,
  Title                    = {Hawking radiation from decoherence},
  Author                   = {Kiefer, Claus},
  Journal                  = {Classical Quantum Gravity},
  Year                     = {2001},

  Month                    = {Nov},
  Number                   = {22},
  Pages                    = {L151–L154},
  Volume                   = {18},

  __markedentry            = {[yfwang:]},
  Doi                      = {10.1088/0264-9381/18/22/101},
  ISSN                     = {1361-6382},
  Owner                    = {yfwang},
  Publisher                = {IOP Publishing},
  Timestamp                = {2017.01.10},
  Url                      = {http://dx.doi.org/10.1088/0264-9381/18/22/101}
}

@Book{Landau1980,
  Title                    = {Statistical Physics},
  Author                   = {Landau, Lev D. and Lifshitz, E.M.},
  Publisher                = {Butterworth-Heinemann},
  Year                     = {1980},
  Edition                  = {3},
  Month                    = {Jan},

  Owner                    = {yfwang},
  Timestamp                = {2017.01.22},
  Url                      = {http://www.sciencedirect.com/science/book/9780080570464}
}

@Article{Page1993,
  Title                    = {Information in black hole radiation},
  Author                   = {Page, Don N.},
  Journal                  = {Phys Rev Lett},
  Year                     = {1993},

  Month                    = {Dec},
  Number                   = {23},
  Pages                    = {3743–3746},
  Volume                   = {71},

  Doi                      = {10.1103/physrevlett.71.3743},
  ISSN                     = {0031-9007},
  Owner                    = {yfwang},
  Publisher                = {American Physical Society (APS)},
  Timestamp                = {2016.12.21},
  Url                      = {http://dx.doi.org/10.1103/PhysRevLett.71.3743}
}

@Book{parker2009quantum,
  Title                    = {Quantum Field Theory in Curved Spacetime: Quantized Fields and Gravity},
  Author                   = {Parker, L. and Toms, D.},
  Publisher                = {Cambridge University},
  Year                     = {2009},

  ISBN                     = {9780521877879},
  Lccn                     = {2008051193},
  Owner                    = {yfwang},
  Timestamp                = {2016.12.21},
  Url                      = {https://books.google.de/books?id=ze5ojgEACAAJ}
}

@Book{Petz2008,
  Title                    = {Quantum Information Theory and Quantum Statistics},
  Author                   = {Petz, Dénes},
  Publisher                = {Springer Berlin Heidelberg},
  Year                     = {2008},
  Doi                      = {10.1007/978-3-540-74636-2},
  ISBN                     = {http://id.crossref.org/isbn/978-3-540-74634-8},
  Journal                  = {Theor. Math. Phys.},
  Owner                    = {yfwang},
  Timestamp                = {2017.01.06},
  Url                      = {http://dx.doi.org/10.1007/978-3-540-74636-2}
}

@Article{Popescu2006,
  Title                    = {Entanglement and the foundations of statistical mechanics},
  Author                   = {Popescu, Sandu and Short, Anthony J. and Winter, Andreas},
  Journal                  = {Nat. Phys.},
  Year                     = {2006},

  Month                    = {Oct},
  Number                   = {11},
  Pages                    = {754–758},
  Volume                   = {2},

  Doi                      = {10.1038/nphys444},
  ISSN                     = {1745-2481},
  Owner                    = {yfwang},
  Publisher                = {Springer Nature},
  Timestamp                = {2016.12.01},
  Url                      = {http://dx.doi.org/10.1038/nphys444}
}

@Book{susskind2008black,
  Title                    = {The Black Hole War: My Battle with Stephen Hawking to Make the World Safe for Quantum Mechanics},
  Author                   = {Susskind, L.},
  Publisher                = {Hachette},
  Year                     = {2008},

  ISBN                     = {9780316032698},
  Owner                    = {yfwang},
  Timestamp                = {2016.12.20},
  Url                      = {https://books.google.de/books?id=RZU0AQAAQBAJ}
}

@Article{Unruh1976,
  Title                    = {Notes on black-hole evaporation},
  Author                   = {Unruh, W. G.},
  Journal                  = {Phys Rev D},
  Year                     = {1976},

  Month                    = {Aug},
  Number                   = {4},
  Pages                    = {870–892},
  Volume                   = {14},

  Doi                      = {10.1103/physrevd.14.870},
  ISSN                     = {0556-2821},
  Owner                    = {yfwang},
  Publisher                = {American Physical Society (APS)},
  Timestamp                = {2016.12.21},
  Url                      = {http://dx.doi.org/10.1103/PhysRevD.14.870}
}

@Book{Wilde2009,
  Title                    = {Quantum Information Theory},
  Author                   = {Wilde, Mark M.},
  Publisher                = {Cambridge University Press (CUP)},
  Year                     = {2009},

  Doi                      = {10.1017/cbo9781139525343},
  ISBN                     = {http://id.crossref.org/isbn/9781139525343},
  Owner                    = {yfwang},
  Timestamp                = {2016.12.02},
  Url                      = {http://dx.doi.org/10.1017/CBO9781139525343}
}

@comment{jabref-meta: databaseType:bibtex;}

